@article{valiant,
author = {Valiant, L. G.},
title = {A Theory of the Learnable},
year = {1984},
issue_date = {November 1984},
publisher = {Association for Computing Machinery},
address = {New York, NY, USA},
volume = {27},
number = {11},
issn = {0001-0782},
url = {https://doi.org/10.1145/1968.1972},
doi = {10.1145/1968.1972},
journal = {Commun. ACM},
month = nov,
pages = {1134â€“1142},
numpages = {9},
keywords = {propositional expressions, probabilistic models of learning, inductive inference}
}

@MISC{haussler:,
    author = {David Haussler},
    title = {Part 1: Overview of the Probably Approximately Correct (PAC) Learning Framework},
    year = {1995}
}

@book{shais,
author = {Shalev-Shwartz, Shai and Ben-David, Shai},
title = {Understanding Machine Learning: From Theory to Algorithms},
year = {2014},
isbn = {1107057132},
publisher = {Cambridge University Press},
address = {USA}
}


